<?xml version="1.0" encoding="UTF-8"?><collection xmlns="http://www.loc.gov/MARC21/slim"><record><leader>00362nam--2200121-i-4500</leader><controlfield tag="001">000019520</controlfield><controlfield tag="002">20161230</controlfield><controlfield tag="005">20161230201033</controlfield><controlfield tag="008">060222s1000------------r-----000-0-eng-d</controlfield><datafield ind1=" " ind2=" " tag="080"><subfield code="a">616.1(043):615.7(043)</subfield></datafield><datafield ind1=" " ind2=" " tag="100"><subfield code="a">Fellous, Joseph</subfield></datafield><datafield ind1=" " ind2=" " tag="245"><subfield code="a">Le traitementanticoagulant chez les personnes ages. these</subfield></datafield><datafield ind1=" " ind2=" " tag="260"><subfield code="a">Paris, Faculte De Medicine Saint-antoine, 1973. 61 P</subfield></datafield></record></collection>